@article{boukraa2023mma,
  author    = {Boukraa, M. A. and Amdouni, S. and Delvare, F.},
  title     = {Fading regularization FEM algorithms for the Cauchy problem associated with the two-dimensional biharmonic equation},
  journal   = {Mathematical Methods in the Applied Sciences},
  year      = {2023},
  volume    = {46},
  number    = {2},
  pages     = {2389--2412},
  doi       = {10.1002/mma.8651},
  url       = {https://doi.org/10.1002/mma.8651}
}

@article{boukraa2025jcam,
  author    = {Boukraa, M. A. and Delvare, F. and Caill{\'e}, L.},
  title     = {Fading regularization method for an inverse boundary value problem associated with the biharmonic equation},
  journal   = {Journal of Computational and Applied Mathematics},
  year      = {2025},
  volume    = {440},
  pages     = {115755},
  doi       = {10.1016/j.cam.2025.115755},
  url       = {https://doi.org/10.1016/j.cam.2025.115755}
}

@inproceedings{boukraa2024waves,
  author    = {Boukraa, M. A. and Audibert, L. and Bonazzoli, M. and Haddar, H. and Vautrin, D.},
  title     = {High-Resolution Seismic Imaging for Dam-Rock Interface using Full-Waveform Inversion},
  booktitle = {Waves 2024},
  year      = {2024},
  address   = {Berlin, Germany},
  doi       = {10.17617/3.MBE4AA},
  url       = {https://doi.org/10.17617/3.MBE4AA}
}

@inproceedings{boukraa2024icipe,
  author    = {Boukraa, M. A. and Bonazzoli, M. and Haddar, H. and Audibert, L. and Vautrin, D.},
  title     = {Imaging a dam-rock interface with inversion of a full elastic-acoustic model},
  booktitle = {11th International Conference on Inverse Problems in Engineering (ICIPE 2024)},
  year      = {2024},
  address   = {Rio de Janeiro, Brazil},
  url       = {https://uca.hal.science/hal-04661884}
}

@inproceedings{boukraa2024e3s,
  author    = {Boukraa, M. A. and Audibert, L. and Bonazzoli, M. and Haddar, H. and Vautrin, D.},
  title     = {Imagerie d’interface barrage-fondation par inversion de forme d’onde complète},
  booktitle = {E3S Web of Conferences},
  volume    = {504},
  pages     = {04002},
  year      = {2024},
  doi       = {10.1051/e3sconf/202450404002},
  url       = {https://doi.org/10.1051/e3sconf/202450404002}
}
