@misc{picof2025,
  title   = {11th International Conference on Inverse Problems, Control and Shape Optimization (PICOF 2025)},
  address = {Hammamet, Tunisia},
  year    = {2025},
  note    = {October 28--31},
  url     = {https://picof2025.sciencesconf.org/},
  type    = {conference}
}

@misc{ius2025,
  title   = {IEEE International Ultrasonics Symposium (IUS 2025)},
  address = {Utrecht, Netherlands},
  year    = {2025},
  note    = {April},
  url     = {https://2025.ieee-ius.org/},
  type    = {conference}
}

@misc{uitc2025,
  title   = {Ultrasonic Imaging and Tissue Characterization Conference (UITC 2025)},
  address = {Silver Spring, MD, USA},
  year    = {2025},
  note    = {April},
  type    = {conference}
}

@misc{sspa2025,
  title   = {48th Scandinavian Symposium on Physical Acoustics (SSPA 2025)},
  address = {Geilo, Norway},
  year    = {2025},
  note    = {January 26--29},
  url     = {https://www.norskfysisk.no/faggrupper/faggruppe-akustikk/sspa/},
  type    = {conference}
}

@misc{waves2024,
  title   = {WAVES 2024 (16th International Conference on Mathematical and Numerical Aspects of Wave Propagation)},
  address = {Berlin, Germany},
  year    = {2024},
  note    = {June},
  url     = {https://waves2024.mps.mpg.de/},
  type    = {conference}
}

@misc{icipe2024,
  title   = {11th International Conference on Inverse Problems in Engineering (ICIPE24)},
  address = {Rio de Janeiro, Brazil},
  year    = {2024},
  note    = {June},
  url     = {https://icipe2024.org/},
  type    = {conference}
}

@misc{ipms2024,
  title   = {11th International Conference on Inverse Problems in Mechanics of Structures (IPMS 2024)},
  address = {Malta},
  year    = {2024},
  note    = {May},
  url     = {https://www.ipms-conference.org/ipms2024/},
  type    = {conference}
}

@misc{aip2023,
  title   = {11th Applied Inverse Problems Conference (AIP 2023)},
  address = {Göttingen, Germany},
  year    = {2023},
  note    = {September},
  url     = {https://aip2023.de/},
  type    = {conference}
}

@misc{picof2022,
  title   = {10th International Conference on Inverse Problems, Control and Shape Optimization (PICOF'22)},
  address = {Caen, France},
  year    = {2022},
  note    = {October 25--27},
  url     = {https://picof22.sciencesconf.org/},
  type    = {conference}
}

@misc{icipe2022,
  title   = {10th International Conference on Inverse Problems in Engineering (ICIPE20)},
  address = {Francavilla al Mare (Chieti), Italy},
  year    = {2022},
  note    = {May 15--19},
  url     = {https://iopscience.iop.org/article/10.1088/1742-6596/2444/1/011001},
  type    = {conference}
}

@misc{agap2024,
  title   = {Journées Scientifiques AGAP Qualité Géophysique Appliquée},
  address = {Poitiers, France},
  year    = {2024},
  note    = {March 26--28},
  url     = {https://www.agapqualite.org/2023/07/11/journees-scientifiques-agap-26-au-28-mars-2024/},
  doi     = {10.1051/e3sconf/202450404002},
  type    = {other}
}

@misc{mecaj2023,
  title   = {Congrès des Jeunes Chercheurs en Mécanique (Méca-J 2023)},
  address = {Online},
  year    = {2023},
  note    = {August 28--30},
  url     = {https://mecaj2023.sciencesconf.org/},
  type    = {other}
}

@misc{smai2023,
  title   = {11ème Biennale de la Société de Mathématiques Appliquées et Industrielles (SMAI 2023)},
  address = {Le Gosier, Guadeloupe, France},
  year    = {2023},
  note    = {May 22--26},
  url     = {https://smai2023.math.cnrs.fr/fr/},
  type    = {other}
}

@misc{cfm2022,
  title   = {Congrès Français de Mécanique (CFM 2022)},
  address = {Nantes, France},
  year    = {2022},
  note    = {August 29 -- September 2},
  url     = {https://cfm2022.fr/},
  type    = {other}
}

@misc{canum2022,
  title   = {45ème Congrès National d'Analyse Numérique (CANUM 2022)},
  address = {Évian-les-Bains, France},
  year    = {2022},
  note    = {June 13--17},
  url     = {https://canum2020.math.cnrs.fr},
  type    = {other}
}

@misc{mecaj2021,
  title   = {Congrès des Jeunes Chercheurs en Mécanique (Méca-J 2021)},
  address = {Online},
  year    = {2021},
  note    = {August 25--27},
  url     = {http://meca-j.sciencesconf.org},
  type    = {other}
}

@misc{smai2021,
  title   = {10ème Biennale de la Société de Mathématiques Appliquées et Industrielles (SMAI 2021)},
  address = {La Grande-Motte, France},
  year    = {2021},
  note    = {June 21--25},
  url     = {https://smai2021.math.univ-toulouse.fr},
  type    = {other}
}

@misc{smai2019,
  title   = {9ème Biennale de la Société de Mathématiques Appliquées et Industrielles (SMAI 2019)},
  address = {Guidel-Plages (Morbihan), France},
  year    = {2019},
  note    = {May 13--17},
  url     = {http://smai.emath.fr/smai2019/index.php},
  type    = {other}
}
